@article{林炜企业创新激励,
  title={企业创新激励:来自中国劳动力成本上升的解释},
  author={林炜},
  journal={管理世界},
  number={10},
  pages={101-111},
 keywords={劳动力成本；企业创新能力；边际贡献；知识生产},
 abstract={当前,国内传统的依靠廉价劳动力发展的制造业面临劳动力成本持续上升的挑战,产业结构转型成为一大关键。本文借助内生增长模型和知识生产函数分析了劳动力成本上升对企业创新能力的影响,利用1998~2007年期间中国工业企业数据库,测算劳动力成本对制造业企业创新能力的激励弹性系数,发现企业的创新能力随着劳动力成本的上升而上升。此外,我们采用工具变量及两阶段最小二乘法对命题做进一步探讨,并通过代理变量法、Tobit以及Truncated模型对结论的稳健性进行检验,随后分析了劳动力成本上升对不同年龄企业创新能力的影响程度。最后,我们就以上分析提出相应政策建议。},
}

@article{田轩股权激励计划能促进企业创新吗,
  title={股权激励计划能促进企业创新吗},
  author={田轩 and 孟清扬},
  journal={南开管理评论},
  volume={v.21；No.120},
  number={3},
  pages={178-192},
 keywords={企业创新;股权激励;股票期权;限制性股票},
 abstract={已有文献对于股权激励计划的实际影响颇有争议,文章从企业创新的视角验证股权激励计划的实际影响。为了克服选择性偏误,文章采用倾向得分匹配和双重差分模型,并选取2008年证监会发布的股权激励计划备忘录作为准自然实验验证稳健性。文章发现股权激励计划对于企业创新投入和产出都有显著的促进作用,并通过了稳健性检验。从不同激励方式看,股票期权、限制性股票都对企业创新有显著的激励作用,然而在股价距离行权价(授予价)较近时,限制性股票对高管的惩罚性会影响创新的动力,而股票期权能对高管形成保护并激励企业创新。进一步研究显示,股权激励对于企业创新的正向影响在民营企业、股价信息含量高的企业以及激励对象包含核心技术人员的企业中效果更大。本研究不仅有助于在理论上澄清关于股权激励计划实际影响的争议,而且对采用何种创新激励方式以及如何让激励产生更好效果提出了建议。},
}

@article{鞠晓生融资约束、营运资本管理与企业创新可持续性,
  title={融资约束、营运资本管理与企业创新可持续性},
  author={鞠晓生 and 卢荻 and 虞义华},
  journal={经济研究},
  number={1},
  pages={5-17},
 keywords={创新活动；融资约束；内部融资；营运资本},
 abstract={本文使用1998—2008年中国非上市公司工业企业数据,分析了融资约束、营运资本管理与企业创新活动之间的关系,旨在解释中国企业自上世纪末至今持续增加的创新活动。高的调整成本和不稳定的融资来源制约着企业的创新活动,本文检验了营运资本在突破创新约束中所起的作用,发现营运资本对缓冲企业创新投资波动有重要作用,而且这种作用与企业的融资约束程度密切相关。本文按照Hadlock & Pierce(2009)提出的SA指数法测量了企业的相对融资约束程度,发现企业受到的融资约束越严重,营运资本对创新的平滑作用越突出。本文的研究表明,虽然中国资本市场不发达,中国企业仍然可以通过内部资金积累和营运资本管理持续地进行创新活动。},
}

@article{吴建祖2016高层管理团队注意力与企业创新战略——两职合一和组织冗余的调节作用,
  title={高层管理团队注意力与企业创新战略——两职合一和组织冗余的调节作用},
  author={吴建祖 and 曾宪聚 and 赵迎},
  journal={科学学与科学技术管理},
  volume={37},
  number={5},
  pages={170-180},
  year={2016},
 keywords={创新战略；高管团队；注意力基础观；总经理-董事长两职合一；组织冗余},
 abstract={在复杂快变的竞争环境中,创新对企业的生存和发展至关重要。企业创新战略的成败取决于高管团队战略决策和战略实施的有效性。基于高层梯队理论和企业注意力基础观,以139家中国创业板上市技术密集型企业为样本,分别从注意力焦点原则和注意力情境原则的视角,考察了高管团队的创新注意力对企业创新战略的影响,以及总经理——董事长两职合一和组织冗余的调节作用。研究结果表明,高管团队创新注意力对企业创新战略有积极影响,而总经理——董事长两职合一和组织冗余则正向调节高管团队创新注意力与企业创新战略之间的关系。},
}

@article{郭斌企业创新过程中的职能界面管理,
  title={企业创新过程中的职能界面管理},
  author={郭斌},
  journal={中国软科学},
  number={3},
  pages={83-86},
 keywords={界面管理；职能间界面},
 abstract={对于企业创新活动的绩效而言 ,企业界面过程的有效性和效率是一个重要的问题。我国工业企业在创新活动中一直存在的效率低下问题 ,在很大程度上源于我国企业界面管理尤其是职能间界面管理的低效率。本文对企业内部职能间界面在企业创新管理中的重要作用及其问题产生原因进行了研究和分析 ,进而指出了改善职能间界面有效性的对策和方法},
}

